% start: general computer science
@article{weiser1991computer,
  title={The computer for the 21st century},
  author={Weiser, Mark},
  journal={Scientific American},
  volume={265},
  number={3},
  pages={94--104},
  year={1991},
  publisher={New York}
}
% end: general computer science


% start: History of Computer Interfaces

@inproceedings{abowd2012next,
  title={What next, ubicomp?: celebrating an intellectual disappearing act},
  author={Abowd, Gregory D},
  booktitle={Proceedings of the 2012 ACM Conference on Ubiquitous Computing},
  pages={31--40},
  year={2012},
  organization={ACM}
}

@inproceedings{ishii1997tangible,
  title={Tangible bits: towards seamless interfaces between people, bits and atoms},
  author={Ishii, Hiroshi and Ullmer, Brygg},
  booktitle={Proceedings of the ACM SIGCHI Conference on Human factors in computing systems},
  pages={234--241},
  year={1997},
  organization={ACM}
}

@article{ishii2012radical,
  title={Radical atoms: beyond tangible bits, toward transformable materials},
  author={Ishii, Hiroshi and Lakatos, D{\'a}vid and Bonanni, Leonardo and Labrune, Jean-Baptiste},
  journal={interactions},
  volume={19},
  number={1},
  pages={38--51},
  year={2012},
  publisher={ACM}
}
% end: History of Computer Interfaces

% start: Domain

@book{brand1995buildings,
  title={How buildings learn: what happens after they're built},
  author={Brand, Stewart},
  year={1995},
  publisher={Penguin Books}
}

@inproceedings{edwards2001home,
  title={At home with ubiquitous computing: seven challenges},
  author={Edwards, W Keith and Grinter, Rebecca E},
  booktitle={Ubicomp 2001: Ubiquitous Computing},
  pages={256--272},
  year={2001},
  organization={Springer}
}

@MISC{brandBBCvideo,
author = {Brand, Stewart and BBC},
title = {How buildings learn, Six part mini series},
year = {Originally shown in 1997},
month = {Seen 5/8-2013},
url = {http://www.youtube.com/user/brandst?feature=watch}
}

@inproceedings{meyer2003survey,
  title={A survey of research on context-aware homes},
  author={Meyer, Sven and Rakotonirainy, Andry},
  booktitle={Proceedings of the Australasian information security workshop conference on ACSW frontiers 2003-Volume 21},
  pages={159--168},
  year={2003},
  organization={Australian Computer Society, Inc.}
}

@inproceedings{rodden2003evolution,
  title={The evolution of buildings and implications for the design of ubiquitous domestic environments},
  author={Rodden, Tom and Benford, Steve},
  booktitle={Proceedings of the SIGCHI conference on Human factors in computing systems},
  pages={9--16},
  year={2003},
  organization={ACM}
}

% end: Domain

% start: Methods

@inproceedings{halskov2006inspiration,
  title={Inspiration card workshops},
  author={Halskov, Kim and Dalsg{\aa}rd, Peter},
  booktitle={Proceedings of the 6th conference on Designing Interactive systems},
  pages={2--11},
  year={2006},
  organization={ACM}
}

